@Unpublished{SUNJDK,
  author =       {{Sun Microsystems, Inc.}},
  title =        {{Java[tm] 2 Platform, Standard Edition}},
  note =         {{Website at: $\langle$http://java.sun.com/j2se/$\rangle$}}
}

@Unpublished{BLACKDOWNJDK,
  author =       {},
  title =        {{Java-Linux Ports}},
  note =         {{Website at: $\langle$http://www.blackdown.org/java-linux/ports.html$\rangle$}}
}

@Unpublished{JIKES,
  author =       {},
  title =        {{Jikes Project: Summary}},
  note =         {{Website at: $\langle$http://www-124.ibm.com/developerworks/projects/jikes/$\rangle$}}
}

@Unpublished{ANT,
  author =       {{Apache Software Foundation}},
  title =        {{The Jakarta Site - Ant}},
  note =         {{Website at: $\langle$http://jakarta.apache.org/ant/$\rangle$}}
}

@Unpublished{JAVACC,
  author =       {{WebGain, Inc.}},
  title =        {{WebGain Products: JavaCC}},
  note =         {{Website at: $\langle$http://www.webgain.com/products/java\_cc/$\rangle$}}
}

@Unpublished{CVS,
  author =       {},
  title =        {{Concurrent Versions System}},
  note =         {{Website at: $\langle$http://www.cvshome.org/$\rangle$}}
}

@Unpublished{SOURCEFORGE,
  author =       {},
  title =        {{SourceForge}},
  note =         {{Website at: $\langle$http://sourceforge.net/$\rangle$}}
}

@Unpublished{SSH,
  author =       {{SSH Communications Security}},
  title =        {{SSH Secure Shell}},
  note =         {{Website at: $\langle$http://www.ssh.com/$\rangle$}}
}

@Unpublished{OPENSSH,
  author =       {{OpenBSD}},
  title =        {{OpenSSH}},
  note =         {{Website at: $\langle$http://www.openssh.com/$\rangle$}}
}

