@Unpublished{SUNJDK,
  author =       {{Sun Microsystems, Inc.}},
  title =        {{Java[tm] 2 Platform, Standard Edition}},
  note =         {{Website at: \htmladdnormallink{http://java.sun.com/j2se/}{http://java.sun.com/j2se/}}},
  ref = {http://java.sun.com/j2se/}
}

@Unpublished{NIST-RCUU,
  author =       {{National Institute of Standard and Technology}},
  title =        {{The NIST Reference on Constants, Units and Uncertainty}},
  note =         {{Website at: \htmladdnormallink{http://physics.nist.gov/cuu/index.html}{http://physics.nist.gov/cuu/index.html}}}
}
